<record><leader>00000cas a22000007a 4500</leader><controlfield tag="001">20401707</controlfield><controlfield tag="008">890927d19371946mouwr ne      0    0eng d</controlfield><datafield ind1=" " ind2=" " tag="010"><subfield code="a">sn 89066981 </subfield></datafield><datafield ind1=" " ind2=" " tag="040"><subfield code="a">MQN</subfield><subfield code="b">eng</subfield><subfield code="c">MQN</subfield><subfield code="d">OCLCQ</subfield></datafield><datafield ind1="0" ind2="4" tag="245"><subfield code="a">The Laclede County record.</subfield></datafield><datafield ind1=" " ind2=" " tag="260"><subfield code="a">Lebanon, Mo. :</subfield><subfield code="b">Ozark Newspapers,</subfield><subfield code="c">1937-1946.</subfield></datafield><datafield ind1=" " ind2=" " tag="300"><subfield code="a">v.</subfield></datafield><datafield ind1=" " ind2=" " tag="310"><subfield code="a">Weekly</subfield></datafield><datafield ind1="0" ind2=" " tag="362"><subfield code="a">Vol. 1, no. 1 (May 7, 1937)-v. 10, no. 11 (Aug. 2, 1946).</subfield></datafield><datafield ind1=" " ind2="4" tag="651"><subfield code="a">Laclede County (Mo.)</subfield><subfield code="v">Newspapers.</subfield></datafield><datafield ind1=" " ind2=" " tag="752"><subfield code="a">United States</subfield><subfield code="b">Missouri</subfield><subfield code="c">Laclede</subfield><subfield code="d">Lebanon.</subfield></datafield><datafield ind1="0" ind2="0" tag="780"><subfield code="t">Conway weekly record</subfield><subfield code="w">(DLC)sn 89066863</subfield></datafield><datafield ind1="0" ind2="4" tag="785"><subfield code="t">Lebanon rustic-republican</subfield><subfield code="w">(DLC)sn 89066979</subfield></datafield></record>